<record><leader>00000cas a22000007a 4500</leader><controlfield tag="001">22334589</controlfield><controlfield tag="008">900905d19741975mnuwr ne      0    0eng d</controlfield><datafield ind1=" " ind2=" " tag="010"><subfield code="a">sn 90060008 </subfield></datafield><datafield ind1=" " ind2=" " tag="040"><subfield code="a">MN#</subfield><subfield code="b">eng</subfield><subfield code="c">MN#</subfield><subfield code="d">OCLCQ</subfield><subfield code="d">OCLCF</subfield><subfield code="d">OCLCO</subfield></datafield><datafield ind1="1" ind2=" " tag="029"><subfield code="a">AU@</subfield><subfield code="b">000025900124</subfield></datafield><datafield ind1=" " ind2=" " tag="042"><subfield code="a">msc</subfield></datafield><datafield ind1=" " ind2=" " tag="043"><subfield code="a">n-us-mn</subfield></datafield><datafield ind1=" " ind2=" " tag="052"><subfield code="a">4144</subfield><subfield code="b">E3</subfield><subfield code="b">A62</subfield><subfield code="b">E12</subfield><subfield code="b">S52</subfield></datafield><datafield ind1=" " ind2=" " tag="052"><subfield code="a">4143</subfield><subfield code="b">H4</subfield><subfield code="b">D3</subfield><subfield code="b">S3</subfield></datafield><datafield ind1="0" ind2=" " tag="130"><subfield code="a">Midweek sun (Edina, Minn. : Minnesota Valley Community ed.)</subfield></datafield><datafield ind1="0" ind2="0" tag="245"><subfield code="a">Midweek sun.</subfield></datafield><datafield ind1=" " ind2=" " tag="250"><subfield code="a">Minnesota Valley community ed.</subfield></datafield><datafield ind1=" " ind2=" " tag="260"><subfield code="a">Edina, Minn. :</subfield><subfield code="b">Sun Newspapers,</subfield><subfield code="c">1974-1975.</subfield></datafield><datafield ind1=" " ind2=" " tag="300"><subfield code="a">2 v.</subfield></datafield><datafield ind1=" " ind2=" " tag="310"><subfield code="a">Weekly</subfield></datafield><datafield ind1="0" ind2=" " tag="362"><subfield code="a">Vol. 15, no. 29 (June 27, 1974)-v. 16, no. 12 (Feb. 27, 1975).</subfield></datafield><datafield ind1=" " ind2=" " tag="500"><subfield code="a">Serving Apple Valley, Eagan and Savage, June 27, 1974-Aug. 15, 1974.</subfield></datafield><datafield ind1=" " ind2=" " tag="500"><subfield code="a">Serving Burnsville, Apple Valley, Eagan and Savage, Aug. 22, 1974-Feb. 25, 1975.</subfield></datafield><datafield ind1=" " ind2=" " tag="530"><subfield code="a">Available on microfilm from the Minnesota Historical Society.</subfield></datafield><datafield ind1=" " ind2=" " tag="580"><subfield code="a">Formed by the union of: Midweek sun (Edina, Minn. : Eagan ed.), and: Midweek sun (Edina, Minn. : Apple Valley ed.), and: Midweek sun (Edina, Minn. : Savage Community ed.).</subfield></datafield><datafield ind1=" " ind2="0" tag="651"><subfield code="a">Edina (Minn.)</subfield><subfield code="v">Newspapers.</subfield></datafield><datafield ind1=" " ind2="0" tag="651"><subfield code="a">Burnsville (Minn.)</subfield><subfield code="v">Newspapers.</subfield></datafield><datafield ind1=" " ind2="0" tag="651"><subfield code="a">Apple Valley (Minn.)</subfield><subfield code="v">Newspapers.</subfield></datafield><datafield ind1=" " ind2="0" tag="651"><subfield code="a">Eagan (Minn.)</subfield><subfield code="v">Newspapers.</subfield></datafield><datafield ind1=" " ind2="0" tag="651"><subfield code="a">Savage (Minn.)</subfield><subfield code="v">Newspapers.</subfield></datafield><datafield ind1=" " ind2="7" tag="655"><subfield code="a">Newspapers.</subfield><subfield code="2">fast</subfield><subfield code="0">(OCoLC)fst01423814</subfield></datafield><datafield ind1=" " ind2="7" tag="651"><subfield code="a">Minnesota</subfield><subfield code="z">Apple Valley.</subfield><subfield code="2">fast</subfield><subfield code="0">(OCoLC)fst01220217</subfield></datafield><datafield ind1=" " ind2="7" tag="651"><subfield code="a">Minnesota</subfield><subfield code="z">Burnsville.</subfield><subfield code="2">fast</subfield><subfield code="0">(OCoLC)fst01206822</subfield></datafield><datafield ind1=" " ind2="7" tag="651"><subfield code="a">Minnesota</subfield><subfield code="z">Eagan.</subfield><subfield code="2">fast</subfield><subfield code="0">(OCoLC)fst01218340</subfield></datafield><datafield ind1=" " ind2="7" tag="651"><subfield code="a">Minnesota</subfield><subfield code="z">Edina.</subfield><subfield code="2">fast</subfield><subfield code="0">(OCoLC)fst01220182</subfield></datafield><datafield ind1=" " ind2="7" tag="651"><subfield code="a">Minnesota</subfield><subfield code="z">Savage.</subfield><subfield code="2">fast</subfield><subfield code="0">(OCoLC)fst01228480</subfield></datafield><datafield ind1=" " ind2=" " tag="752"><subfield code="a">United States</subfield><subfield code="b">Minnesota</subfield><subfield code="c">Hennepin</subfield><subfield code="d">Edina.</subfield></datafield><datafield ind1=" " ind2=" " tag="752"><subfield code="a">United States</subfield><subfield code="b">Minnesota</subfield><subfield code="c">Dakota</subfield><subfield code="d">Burnsville.</subfield></datafield><datafield ind1=" " ind2=" " tag="752"><subfield code="a">United States</subfield><subfield code="b">Minnesota</subfield><subfield code="c">Dakota</subfield><subfield code="d">Apple Valley.</subfield></datafield><datafield ind1=" " ind2=" " tag="752"><subfield code="a">United States</subfield><subfield code="b">Minnesota</subfield><subfield code="c">Dakota</subfield><subfield code="d">Eagan.</subfield></datafield><datafield ind1=" " ind2=" " tag="752"><subfield code="a">United States</subfield><subfield code="b">Minnesota</subfield><subfield code="c">Scott</subfield><subfield code="d">Savage.</subfield></datafield><datafield ind1="1" ind2="4" tag="780"><subfield code="t">Midweek sun (Edina, Minn. : Eagan ed.)</subfield><subfield code="w">(DLC)sn 90060005</subfield></datafield><datafield ind1="1" ind2="4" tag="780"><subfield code="t">Midweek sun (Edina, Minn. : Apple Valley ed.)</subfield><subfield code="w">(DLC)sn 90060007</subfield></datafield><datafield ind1="1" ind2="4" tag="780"><subfield code="t">Midweek sun (Edina, Minn. : Savage community ed.)</subfield><subfield code="w">(DLC)sn 90060034</subfield></datafield><datafield ind1="0" ind2="5" tag="780"><subfield code="t">Midweek sun (Edina, Minn. : Burnsville ed.)</subfield><subfield code="w">(DLC)sn 90060004</subfield></datafield></record>